@article{alphazero,
  title={Mastering Chess and Shogi by Self-Play with a General Reinforcement Learning Algorithm},
  author={David Silver and Thomas Hubert and Julian Schrittwieser and Ioannis Antonoglou and Matthew Lai and Arthur Guez and Marc Lanctot and Laurent Sifre and Dharshan Kumaran and Thore Graepel and Timothy P. Lillicrap and Karen Simonyan and Demis Hassabis},
  journal={CoRR},
  year={2017},
  volume={abs/1712.01815}
}

@article{sutton,
    author = {Richard S. Sutton and David Mcallester and Satinder Singh and Yishay Mansour},
    title = {Policy Gradient Methods for Reinforcement Learning with Function Approximation},
    institution = {},
    year = {1999}
}

@phdthesis{schulman,
    Author = {Schulman, John},
    Title = {Optimizing Expectations: From Deep Reinforcement Learning to Stochastic Computation Graphs},
    School = {EECS Department, University of California, Berkeley},
    Year = {2016},
    Month = {Dec},
    Number = {UCB/EECS-2016-217}
}


@article{kalas,
  title = 	 {Scalable Deep Reinforcement Learning for Vision-Based Robotic Manipulation},
  author = 	 {Kalashnikov, Dmitry and Irpan, Alex and Pastor, Peter and Ibarz, Julian and Herzog, Alexander and Jang, Eric and Quillen, Deirdre and Holly, Ethan and Kalakrishnan, Mrinal and Vanhoucke, Vincent and Levine, Sergey},
  month = 	 {29--31 Oct},
  publisher = 	 {PMLR}
}

@article{SpinningUp2018,
    author = {Achiam, Joshua},
    title = {{Spinning Up in Deep Reinforcement Learning}},
    year = {2018}
}

@article {Bellman716,
  author = {Bellman, Richard},
  title = {On the Theory of Dynamic Programming},
  volume = {38},
  number = {8},
  pages = {716--719},
  year = {1952},
  doi = {10.1073/pnas.38.8.716},
  publisher = {National Academy of Sciences},
  issn = {0027-8424},
  URL = {https://www.pnas.org/content/38/8/716},
  eprint = {https://www.pnas.org/content/38/8/716.full.pdf},
  journal = {Proceedings of the National Academy of Sciences}
}

@software{lc0,
  author = {Pascutto, Gian-Carlo and Linscott, Gary},
  title = {Leela Chess Zero},
  url = {http://lczero.org/},
  version = {0.21.0},
  date = {2019-03-08},
  year = {2019}
}

@misc{openai2019dota,
    title={Dota 2 with Large Scale Deep Reinforcement Learning},
    author={Christopher Berner and Greg Brockman and Brooke Chan and Vicki Cheung and Przemysław Dębiak and Christy Dennison and David Farhi and Quirin Fischer and Shariq Hashme and Chris Hesse and Rafal Józefowicz and Scott Gray and Catherine Olsson and Jakub Pachocki and Michael Petrov and Henrique Pondé de Oliveira Pinto and Jonathan Raiman and Tim Salimans and Jeremy Schlatter and Jonas Schneider and Szymon Sidor and Ilya Sutskever and Jie Tang and Filip Wolski and Susan Zhang},
    year={2019},
    eprint={1912.06680},
    archivePrefix={arXiv},
    primaryClass={cs.LG}
}

@article{trpo,
  author    = {John Schulman and
               Sergey Levine and
               Philipp Moritz and
               Michael I. Jordan and
               Pieter Abbeel},
  title     = {Trust Region Policy Optimization},
  journal   = {CoRR},
  volume    = {abs/1502.05477},
  year      = {2015},
  url       = {http://arxiv.org/abs/1502.05477},
  archivePrefix = {arXiv},
  eprint    = {1502.05477},
  timestamp = {Mon, 13 Aug 2018 16:48:08 +0200},
  biburl    = {https://dblp.org/rec/journals/corr/SchulmanLMJA15.bib},
  bibsource = {dblp computer science bibliography, https://dblp.org}
}

@article{ppo,
  author    = {John Schulman and
               Filip Wolski and
               Prafulla Dhariwal and
               Alec Radford and
               Oleg Klimov},
  title     = {Proximal Policy Optimization Algorithms},
  journal   = {CoRR},
  volume    = {abs/1707.06347},
  year      = {2017},
  url       = {http://arxiv.org/abs/1707.06347},
  archivePrefix = {arXiv},
  eprint    = {1707.06347},
  timestamp = {Mon, 13 Aug 2018 16:47:34 +0200},
  biburl    = {https://dblp.org/rec/journals/corr/SchulmanWDRK17.bib},
  bibsource = {dblp computer science bibliography, https://dblp.org}
}

@book{robotics,
author = {Siciliano, Bruno and Sciavicco, Lorenzo and Villani, Luigi and Oriolo, Giuseppe},
title = {Robotics: Modelling, Planning and Control},
year = {2008},
isbn = {1846286417},
publisher = {Springer Publishing Company, Incorporated},
edition = {1st}
}

@article{bullet,
author = {Coumans, Erwin},
year = {2015},
month = {07},
pages = {1},
title = {Bullet physics simulation},
doi = {10.1145/2776880.2792704}
}

@article{gym,
  author    = {Greg Brockman and
               Vicki Cheung and
               Ludwig Pettersson and
               Jonas Schneider and
               John Schulman and
               Jie Tang and
               Wojciech Zaremba},
  title     = {OpenAI Gym},
  journal   = {CoRR},
  volume    = {abs/1606.01540},
  year      = {2016},
  url       = {http://arxiv.org/abs/1606.01540},
  archivePrefix = {arXiv},
  eprint    = {1606.01540},
  timestamp = {Fri, 08 Nov 2019 12:51:06 +0100},
  biburl    = {https://dblp.org/rec/journals/corr/BrockmanCPSSTZ16.bib},
  bibsource = {dblp computer science bibliography, https://dblp.org}
}

@misc{baselines,
  author = {Dhariwal, Prafulla and Hesse, Christopher and Klimov, Oleg and Nichol, Alex and Plappert, Matthias and Radford, Alec and Schulman, John and Sidor, Szymon and Wu, Yuhuai and Zhokhov, Peter},
  title = {OpenAI Baselines},
  year = {2017},
  publisher = {GitHub},
  journal = {GitHub repository},
  howpublished = {\url{https://github.com/openai/baselines}},
}